<?xml version="1.0" encoding="UTF-8"?><collection xmlns="http://www.loc.gov/MARC21/slim"><record><leader>00580nam--2200169-i-4500</leader><controlfield tag="001">000017989</controlfield><controlfield tag="002">20161230</controlfield><controlfield tag="005">20161230201032</controlfield><controlfield tag="008">060222s1000------------r-----000-0-eng-d</controlfield><datafield ind1=" " ind2=" " tag="040"><subfield code="a">IFIN-HH</subfield></datafield><datafield ind1=" " ind2=" " tag="080"><subfield code="a">539.2</subfield></datafield><datafield ind1="1" ind2=" " tag="110"><subfield code="a">The Physical Society, England</subfield></datafield><datafield ind1="1" ind2="0" tag="245"><subfield code="a">Defects in crystalline solids. report of the conference on defects in crystalline solids held at the h.h.willis physical laboratory, university of bristol, july 1954</subfield></datafield><datafield ind1=" " ind2=" " tag="260"><subfield code="a">London</subfield><subfield code="b">The Physical Society</subfield><subfield code="c">1955</subfield></datafield><datafield ind1=" " ind2=" " tag="300"><subfield code="a">429 P. + 27 PL. CU FIG</subfield></datafield><datafield ind1=" " ind2=" " tag="852"><subfield code="a">13051</subfield><subfield code="c">539.2</subfield></datafield><datafield ind1=" " ind2=" " tag="CAT"><subfield code="a">Sys</subfield><subfield code="c">20121003</subfield><subfield code="h">111045</subfield></datafield></record></collection>